@inproceedings{emberson2010techniques,
  title={Techniques for the synthesis of multiprocessor tasksets},
  author={Emberson, Paul and Stafford, Roger and Davis, Robert I},
  booktitle={proceedings 1st International Workshop on Analysis Tools and Methodologies for Embedded and Real-time Systems (WATERS 2010)},
  pages={6--11},
  year={2010}
}

@inproceedings{suzuki2018real,
  title={Real-Time {ROS} extension on transparent {CPU/GPU} coordination mechanism},
  author={Suzuki, Yuhei and Azumi, Takuya and Kato, Shinpei and Nishio, Nobuhiko},
  booktitle={2018 IEEE 21st International Symposium on Real-Time Distributed Computing (ISORC)},
  pages={184--192},
  year={2018},
  organization={IEEE}
}

@inproceedings{kronauer2021latency,
  title={Latency analysis of {ROS2} multi-node systems},
  author={Kronauer, Tobias and Pohlmann, Joshwa and Matth{\'e}, Maximilian and Smejkal, Till and Fettweis, Gerhard},
  booktitle={2021 IEEE International Conference on Multisensor Fusion and Integration for Intelligent Systems (MFI)},
  pages={1--7},
  year={2021},
  organization={IEEE}
}

@inproceedings{yang2020exploring,
  title={Exploring real-time executor on {ROS} 2},
  author={Yang, Yuqing and Azumi, Takuya},
  booktitle={2020 IEEE International Conference on Embedded Software and Systems (ICESS)},
  pages={1--8},
  year={2020},
  organization={IEEE}
}

@inproceedings{park2021ros2,
  title={{ROS2} Extension of Functionally and Temporally Correct Real-Time Simulation of Cyber Systems for Automotive Systems},
  author={Park, Seonghyeon and Choi, Jin and Hwang, Sunjun and Lee, Chang-Gun},
  booktitle={2021 International Symposium on Electrical, Electronics and Information Engineering},
  pages={185--189},
  year={2021}
}

@inproceedings{tang2020response,
  title={Response time analysis and priority assignment of processing chains on ros2 executors},
  author={Tang, Yue and Feng, Zhiwei and Guan, Nan and Jiang, Xu and Lv, Mingsong and Deng, Qingxu and Yi, Wang},
  booktitle={2020 IEEE Real-Time Systems Symposium (RTSS)},
  pages={231--243},
  year={2020},
  organization={IEEE}
}

@inproceedings{blass2021ros,
  title={A {ROS} 2 Response-Time Analysis Exploiting Starvation Freedom and Execution-Time Variance},
  author={Bla{\ss}, Tobias and Casini, Daniel and Bozhko, Sergey and Brandenburg, Bj{\"o}rn B},
  booktitle={2021 IEEE Real-Time Systems Symposium (RTSS)},
  pages={41--53},
  year={2021},
  organization={IEEE}
}

@inproceedings{choi2021picas,
  title={{PiCAS}: New design of priority-driven chain-aware scheduling for {ROS2}},
  author={Choi, Hyunjong and Xiang, Yecheng and Kim, Hyoseung},
  booktitle={2021 IEEE 27th Real-Time and Embedded Technology and Applications Symposium (RTAS)},
  pages={251--263},
  year={2021},
  organization={IEEE}
}

@inproceedings{blass2021automatic,
  title={Automatic latency management for {ROS} 2: Benefits, challenges, and open problems},
  author={Blass, Tobias and Hamann, Arne and Lange, Ralph and Ziegenbein, Dirk and Brandenburg, Bj{\"o}rn B},
  booktitle={2021 IEEE 27th Real-Time and Embedded Technology and Applications Symposium (RTAS)},
  pages={264--277},
  year={2021},
  organization={IEEE}
}

@article{henia2005system,
  title={System level performance analysis--the {SymTA/S} approach},
  author={Henia, Rafik and Hamann, Arne and Jersak, Marek and Racu, Razvan and Richter, Kai and Ernst, Rolf},
  journal={IEE Proceedings-Computers and Digital Techniques},
  volume={152},
  number={2},
  pages={148--166},
  year={2005},
  publisher={IET}
}

@inproceedings{chakraborty2003general,
  title={A general framework for analysing system properties in platform-based embedded system designs.},
  author={Chakraborty, Samarjit and K{\"u}nzli, Simon and Thiele, Lothar},
  booktitle={Date},
  volume={3},
  pages={10190},
  year={2003},
  organization={Citeseer}
}

@inproceedings{schlatow2016response,
  title={Response-time analysis for task chains in communicating threads},
  author={Schlatow, Johannes and Ernst, Rolf},
  booktitle={2016 IEEE Real-Time and Embedded Technology and Applications Symposium (RTAS)},
  pages={1--10},
  year={2016},
  organization={IEEE}
}

@inproceedings{schliecker2009recursive,
  title={A recursive approach to end-to-end path latency computation in heterogeneous multiprocessor systems},
  author={Schliecker, Simon and Ernst, Rolf},
  booktitle={Proceedings of the 7th IEEE/ACM international conference on Hardware/software codesign and system synthesis},
  pages={433--442},
  year={2009}
}

@article{baruah2006non,
  title={The non-preemptive scheduling of periodic tasks upon multiprocessors},
  author={Baruah, Sanjoy K},
  journal={Real-Time Systems},
  volume={32},
  number={1},
  pages={9--20},
  year={2006},
  publisher={Springer}
}

@inproceedings{guan2008new,
  title={New schedulability test conditions for non-preemptive scheduling on multiprocessor platforms},
  author={Guan, Nan and Yi, Wang and Gu, Zonghua and Deng, Qingxu and Yu, Ge},
  booktitle={2008 Real-Time Systems Symposium},
  pages={137--146},
  year={2008},
  organization={IEEE}
}

@inproceedings{casini2019response,
  title={Response-time analysis of {ROS 2} processing chains under reservation-based scheduling},
  author={Casini, Daniel and Bla{\ss}, Tobias and L{\"u}tkebohle, Ingo and Brandenburg, Bj{\"o}rn},
  booktitle={31st Euromicro Conference on Real-Time Systems},
  pages={1--23},
  year={2019},
  organization={Schloss Dagstuhl}
}
